<?xml version="1.0" encoding="UTF-8"?><collection xmlns="http://www.loc.gov/MARC21/slim"><record><leader>00392nam--2200145-i-4500</leader><controlfield tag="001">000040985</controlfield><controlfield tag="002">20161230</controlfield><controlfield tag="005">20170106171708</controlfield><controlfield tag="008">060222s1000------------r-----000-0-eng-d</controlfield><datafield ind1=" " ind2=" " tag="245"><subfield code="a">Selected papers on new techniques for energy conversion</subfield></datafield><datafield ind1=" " ind2=" " tag="260"><subfield code="a">New York</subfield><subfield code="b">Dover Publ., Inc</subfield><subfield code="c">1961</subfield></datafield><datafield ind1=" " ind2=" " tag="300"><subfield code="a">XXVIII+444 p</subfield></datafield><datafield ind1=" " ind2=" " tag="700"><subfield code="a">Sumner, Levine N</subfield></datafield><datafield ind1=" " ind2=" " tag="852"><subfield code="a">18915</subfield></datafield><datafield ind1=" " ind2=" " tag="CAT"><subfield code="a">SYS</subfield><subfield code="c">20170106</subfield><subfield code="h">171708</subfield></datafield></record></collection>